
@misc{raspberrydocs,
  title = {{Raspberry Pi Documentation}},
  note = {\url{https://www.raspberrypi.com/documentation}}
}

@misc{nxpi2c,
  title = {{I2C Bus Specification}},
  author = {NXP},
  note = {\url{https://www.nxp.com/docs/en/user-guide/UM10204.pdf}}
}

@misc{nxp_pn532,
  title = {{PN532 Specification}},
  author = {NXP},
  note = {\url{https://www.nxp.com/docs/en/nxp/data-sheets/PN532_C1.pdf}}
}

@misc{i2cdevices_pn532,
  title = {{PN532 I2C Information}},
  author = {John Romkey},
  note = {\url{https://i2cdevices.org/devices/pn532}}
}

@misc{pn532_elechouse,
  title = {{PN532 User Guide}},
  author = {ElecHouse},
  note = {\url{https://www.elechouse.com/elechouse/images/product/PN532_module_V3/PN532_%20Manual_V3.pdf}}
}

@misc{pn532_elechouse_schematics,
  title = {{PN532 Board Schematics}},
  author = {ElecHouse},
  note = {\url{https://www.elechouse.com/elechouse/images/product/PN532_module_V3/PN532_shematic_drowing.pdf}}
}

@misc{sim7020e_datasheet,
  title = {{SIM7020E Datasheet}},
  author = {SIMCOM},
  note = {\url{https://files.waveshare.com/upload/e/e7/SIM7020E_SPEC_EN_190424.pdf}}
}

@misc{sim7020e_wiki,
  title = {{SIM7020E Board Wiki}},
  author = {Waveshare},
  note = {\url{https://www.waveshare.com/wiki/Pico-SIM7020E-NB-IoT}}
}

@misc{perfboard,
  title = {{How to use Perfboards}},
  author = {DigiKey},
  note = {\url{https://www.digikey.com/en/maker/blogs/2022/start-building-cleaner-perfboard-projects-using-these-simple-tips}}
}

@misc{circuitpython_docs,
  title = {{CircuitPython Documentation}},
  author = {Adafruit},
  note = {\url{https://docs.circuitpython.org/en/9.0.x/docs/index.html}}
}

@misc{sim7020e_atcommandsmanual,
  title = {{SIM7020E AT Commands Manual}},
  author = {SIMCOM},
  note = {\url{https://files.waveshare.com/upload/a/a4/SIM7020_Series_AT_Command_Manual_V1.03.pdf}}
}

@misc{ssl_memoryerror,
  title = {{Deceiving exception handling messages when available memory is low}},
  author = {GitHub},
  note = {\url{https://github.com/adafruit/Adafruit_CircuitPython_Requests/issues/138}}
}

@misc{sim7020e_chttpconerror,
  title = {{SIM7020 - Error during execution of AT+CHTTPCON}},
  author = {StackOverflow},
  note = {\url{https://stackoverflow.com/questions/70083705/sim7020-error-during-execution-of-atchttpcon-based-on-example}}
}

@misc{spring_docs,
  title = {{Spring Framework Documentation}},
  author = {Spring},
  note = {\url{https://docs.spring.io/spring-framework/reference/index.html}}
}

@misc{docker_benefits,
  title = {{5 Benefits of a Container-First Approach to Software Development}},
  author = {Ben Cotton},
  note = {\url{https://www.docker.com/blog/5-benefits-of-a-container-first-approach-to-software-development/}}
}

@misc{docker_benefits2,
  title = {{Four Ways Docker Boosts Enterprise Software Development}},
  author = {David Balakirev},
  note = {\url{https://www.docker.com/blog/four-ways-docker-boosts-enterprise-software-development/}}
}

@misc{docker_docs,
  title = {{Docker Documentation}},
  author = {Docker},
  note = {\url{https://docs.docker.com/reference/}}
}

@misc{google_cloud_functions,
  title = {{Google Cloud Functions}},
  author = {Google},
  note = {\url{https://cloud.google.com/functions}}
}

@misc{fdm_vs_sla,
  title = {{FDM vs. SLA: Compare Filament and Resin 3D Printers}},
  author = {FormLabs},
  note = {\url{https://formlabs.com/blog/fdm-vs-sla-compare-types-of-3d-printers/}}
}

@misc{3dprinter_cost_1,
  title = {{HOW MUCH DOES A 3D PRINTER COST}},
  author = {Fusion3},
  note = {\url{https://www.fusion3design.com/how-much-does-a-3d-printer-cost/}}
}

@misc{3dprinter_cost_2,
  title = {{How much does a 3D printer cost?}},
  author = {UltiMaker},
  note = {\url{https://ultimaker.com/es/learn/how-much-does-a-3d-printer-cost/}}
}

@misc{3dprinter_cost_3,
  title = {{How Much Does a 3D Printer Cost?}},
  author = {MakeShaper},
  note = {\url{https://www.makeshaper.com/what-is-the-price-of-a-3d-printer}}
}

@misc{3dprinting_materials,
  title = {{Guide to 3D Printing Materials: Types, Applications, and Properties}},
  author = {FormLabs},
  note = {\url{https://formlabs.com/blog/3d-printing-materials/}}
}

@misc{boe_obligacionfichajes,
  title = {{Real Decreto-ley 8/2019, de 8 de marzo, de medidas urgentes de protección social y de lucha contra la precariedad laboral en la jornada de trabajo.}},
  author = {BOE},
  note = {\url{https://www.boe.es/buscar/act.php?id=BOE-A-2019-3481}}
}

@misc{aepd_prohibicionbiometricos,
  title = {{Guía sobre tratamientos de control de presencia mediante sistemas biométricos}},
  author = {AEPD},
  note = {\url{https://www.aepd.es/guias/guia-control-presencia-biometrico.pdf}}
}

@misc{microcontroller_vs_sbc,
  title = {{Picking The Right Tool For The Job: MCU, SBC or FPGA?}},
  author = {Mouser},
  note = {\url{https://www.mouser.es/blog/picking-the-right-tool-for-the-job-mcu-sbc-or-fpga}}
}

@misc{buzzers_active_vs_passive,
  title = {{Active Buzzers VS Passive Buzzers}},
  author = {CircuitBasics},
  note = {\url{https://www.circuitbasics.com/what-is-a-buzzer/}}
}



@book{ldesc2e,
  author = 	 {Tom'as Bautista and Tobias Oetiker and Hubert Partl and Irene Hyna and Elisabeth Schlegl},
  title = 	 {Una Descripción de \LaTeXe},
  publisher = 	 {Versión electrónica},
  year = 	 1998
}

@book{notsoshort,
  author =	 {Tobias Oetiker and Hubert Partl and Irene Hyna and Elisabeth Schlegl},
  title = 	 {The Not So Short Introduction to \LaTeXe},
  publisher = 	 {Versión electrónica},
  year = 	 1996
}

@book{latexAPrimer,
  editor =	 {E. Krishnan},
  title = 	 {\LaTeX\ Tutorials. A primer},
  publisher = 	 {Indian \TeX\ Users Group},
  year = 	 2003
}

@book{latexCompanion,
  author =	 {Frank Mittelbach and Michel Goossens and Johannes Braams and David Carlisle and Chris Rowley},
  title = 	 {The \LaTeX\ Companion},
  publisher = 	 {Addison-Wesley Professional},
  year = 	 2004,
  edition =	 {segunda}
}

@Book{LaTeXLamport,
  author =	 {Leslie Lamport},
  title = 	 {\LaTeX: A Document Preparation System, 2nd Edition},
  publisher = 	 {Addison-Wesley Professional},
  year = 	 1994
}

@Book{texKnuth,
  author =	 {Donald E. Knuth},
  title = 	 {The \TeX\ book},
  publisher = 	 {Addison-Wesley Professional.},
  year = 	 1986
}

@Book{texImpatient,
  author =	 {Paul W. Abrahams},
  title = 	 {\TeX\ for the Impatient},
  publisher = 	 {Addison Wesley Publishing Company},
  year = 	 1990
}

@Book{texByTopic,
  author =	 {Victor Eijkhout},
  title = 	 {\TeX\ by Topic, a \TeX nician's Reference},
  publisher = 	 {Addison-Wesley},
  year = 	 1991
}

@Article{LatexAndSVN,
  author = 	 {Mark Eli Kalderon},
  title = 	 {{\LaTeX} and {S}ubversion},
  journal = 	 {The Prac\TeX\ Journal},
  volume = 2007,
  year = 	 2007,
  number =	 3
}

@Article{PaquetesSVNLatex,
  author = 	 {Uwe Ziegenhagen},
  title = 	 {{\LaTeX} Document Management with {S}ubversion},
  journal = 	 {The Prac\TeX\ Journal},
  volume = 2007,
  year = 	 2007,
  number =	 3
}


@Article{SVNmulti,
  author = 	 {Martin Scharrer},
  title = 	 {Version Control of {\LaTeX} Documents with svn-multi},
  journal = 	 {The Prac\TeX\ Journal},
  year = 	 2007,
  volume = 2007,
  number =	 3
}

@Article{BibTeXPracTex,
  author = 	 {J\"urgen Fenn},
  title = 	 {Managing Citations and Your Bibliography with {BibTeX}},
  journal = 	 {The Prac\TeX\ Journal},
  year = 	 2006,
  volume = 2006,
  number =	 4
}

@Book{AtazLopez,
  author = {Joaquín Ataz López},
  title =	 {Gu{\'{i}}a \emph{casi} completa de {BibTeX}},
  publisher = 	 {Versión electrónica},
  year = 	 {2006},
  webpage = {ftp://ftp.ctan.org/tex-archive/info/spanish/guia-bibtex/guia-bibtex.pdf},
  lastaccess = {Octubre, 2009},
}

@article{BibTexOriginal,
  author =	 {Oren Patashnik},
  title =	 {{BibTeX}ing},
  month =	 feb,
  year =	 1988,
  webpage = {ftp://ftp.ctan.org/tex-archive/biblio/bibtex/contrib/doc/btxdoc.pdf},
  lastaccess = {Octubre, 2009},
}

@Article{patashnik1988a,
  author =	 {Oren Patashnik},
  title =	 {Designing {BibTeX} Styles},
  month =	 feb,
  year =	 1988,
  webpage = {ftp://ftp.ctan.org/tex-archive/biblio/bibtex/contrib/doc/btxhak.pdf},
  lastaccess = {Octubre, 2009},
}

@Book{Flynn05,
  author =	 {Peter Flynn},
  title = 	 {A beginner's introduction to typesetting with \LaTeX},
  publisher = 	 {The Comprehensive TeX Archive Network},
  year = 	 2005
}

@Book{AtazLopezEmacs,
  author = {Joaquín Ataz López},
  title =	 {Creación de ficheros \LaTeX\ con {GNU} Emacs},
  publisher = 	 {Versión electrónica},
  year = 	 {2004},
  webpage = {http://ctan.org/get/info/spanish/guia-atx/guia-atx.pdf},
  lastaccess = {Octubre, 2009},
}
